@book{jech2006set,
	title={Set Theory: The Third Millennium Edition, revised and expanded},
	author={Thomas Jech},
	isbn={9783540440857},
	lccn={2002030443},
	series={Springer Monographs in Mathematics},
	url={https://books.google.ca/books?id=WTAl997XDb4C},
	year={2006},
	publisher={Springer Berlin Heidelberg}
}

@book{2021arai,
	author={新井敏康},
	shortauthor={新井},
	title={数学基礎論},
	isbn={9784130629270},
	url={https://books.google.ca/books?id=aVFlzgEACAAJ},
	year={2021},
	publisher={東京大学出版会}
}

